@book{chacon2009pro,
  title={Pro git},
  author={Chacon, Scott},
  year={2009},
  publisher={Apress}
}