@book{beck2003test,
  title={Test-driven development: by example},
  author={Beck, Kent},
  year={2003},
  publisher={Addison-Wesley Professional}
}

@book{thomas1999pragmatic,
  title={The Pragmatic Programmer: From Journeyman to Master},
  author={Thomas, Dave and Hunt, Andy},
  year={1999},
  publisher={Addison-Wesley Professional}
}

@book{fowler1997refactoring,
  title={Refactoring: Improving the Design of Existing Code},
  author={Fowler, Martin},
  year={1997},
  publisher={Addison-Wesley, Boston}
}